@book{horn1972semantic,
  title={On the semantic properties of logical operators in English},
  author={Horn, Laurence Robert},
  year={1972},
  publisher={University of California, Los Angeles}
}
@book{sperber1986relevance,
	title={Relevance: Communication and cognition},
	author={Sperber, Dan and Wilson, Deirdre},
	volume={142},
	year={1986},
	publisher={Citeseer}
}
@article{goodman2013knowledge,
	title={Knowledge and implicature: Modeling language understanding as social cognition},
	author={Goodman, Noah D and Stuhlm{\"u}ller, Andreas},
	journal={Topics in cognitive science},
	volume={5},
	number={1},
	pages={173--184},
	year={2013},
	publisher={Wiley Online Library}
}
@inproceedings{degen2015wonky,
	title={Wonky worlds: Listeners revise world knowledge when utterances are odd.},
	author={Degen, Judith and Tessler, Michael Henry and Goodman, Noah D},
	booktitle={CogSci},
	year={2015}
}
 @article{degen2015investigating,
 	title={Investigating the distribution of some (but not all) implicatures using corpora and web-based methods},
 	author={Degen, Judith},
 	journal={Semantics and Pragmatics},
 	volume={8},
 	pages={11--1},
 	year={2015}
 }
@inproceedings{Li2021, author = {Li, Elissa and Schuster, Sebastian and Degen, Judith}, booktitle = {Proceedings of the Society for Computation in Linguistics}, title = {{Predicting scalar inferences from ``or'' to ``not both'' using neural sentence encoders}}, volume = {4}, year = {2021}, doi = {https://doi.org/10.7275/xr01-a852}, website = {papers/2021_LiEtAl.pdf} } 
@article{burkner2017brms,
 	title={brms: An R package for Bayesian multilevel models using Stan},
 	author={B{\"u}rkner, Paul-Christian},
 	journal={Journal of statistical software},
 	volume={80},
 	number={1},
 	pages={1--28},
 	year={2017}
 }
@article{kruschke2014doing,
	title={Doing Bayesian data analysis: A tutorial with R, JAGS, and Stan},
	author={Kruschke, John},
	year={2014},
	publisher={Academic Press}
}
@article{rouder2012default,
	title={Default Bayes factors for model selection in regression},
	author={Rouder, Jeffrey N and Morey, Richard D},
	journal={Multivariate Behavioral Research},
	volume={47},
	number={6},
	pages={877--903},
	year={2012},
	publisher={Taylor \& Francis}
}
@article{lodewyckx2011tutorial,
	title={A tutorial on Bayes factor estimation with the product space method},
	author={Lodewyckx, Tom and Kim, Woojae and Lee, Michael D and Tuerlinckx, Francis and Kuppens, Peter and Wagenmakers, Eric-Jan},
	journal={Journal of Mathematical Psychology},
	volume={55},
	number={5},
	pages={331--347},
	year={2011},
	publisher={Elsevier}
}
@article{matsumoto1995conversational,
	title={The conversational condition on Horn scales},
	author={Matsumoto, Yo},
	journal={Linguistics and philosophy},
	pages={21--60},
	year={1995},
	publisher={JSTOR}
}
@incollection{grice1975logic,
	title={Logic and conversation},
	author={Grice, Herbert P},
	booktitle={Speech acts},
	pages={41--58},
	year={1975},
	publisher={Brill}
}
@article{goodman2016pragmatic,
	title={Pragmatic language interpretation as probabilistic inference},
	author={Goodman, Noah D and Frank, Michael C},
	journal={Trends in cognitive sciences},
	volume={20},
	number={11},
	pages={818--829},
	year={2016},
	publisher={Elsevier}
} 